%* 
%* ------------------------------------------------------------------
%* Role PlayingDB V2.0 by Deepwoods Software
%* ------------------------------------------------------------------
%* RPG.bib - Bibliography Database
%* Created by Robert Heller on Tue Jul 13 22:50:28 1999
%* ------------------------------------------------------------------
%* Modification History: 
%* $Log: RPG.bib,v $
%* Revision 1.6  2000/12/15 03:03:16  heller
%* Added bibitem for Motif book (Motif menu standards).
%*
%* Revision 1.5  2000/04/20 23:02:09  heller
%* Added on-line stats reference
%*
%* Revision 1.4  1999/07/13 22:51:08  heller
%* Add in ident keyword and file copyright notice.
%*
%* ------------------------------------------------------------------
%* Contents:
%* ------------------------------------------------------------------
%*  
%*     Role Playing DB -- A database package that creates and maintains
%* 		       a database of RPG characters, monsters, treasures,
%* 		       spells, and playing environments.
%* 
%*     Copyright (C) 1995,1998,1999  Robert Heller D/B/A Deepwoods Software
%* 			51 Locke Hill Road
%* 			Wendell, MA 01379-9728
%* 
%*     This program is free software; you can redistribute it and/or modify
%*     it under the terms of the GNU General Public License as published by
%*     the Free Software Foundation; either version 2 of the License, or
%*     (at your option) any later version.
%* 
%*     This program is distributed in the hope that it will be useful,
%*     but WITHOUT ANY WARRANTY; without even the implied warranty of
%*     MERCHANTABILITY or FITNESS FOR A PARTICULAR PURPOSE.  See the
%*     GNU General Public License for more details.
%* 
%*     You should have received a copy of the GNU General Public License
%*     along with this program; if not, write to the Free Software
%*     Foundation, Inc., 675 Mass Ave, Cambridge, MA 02139, USA.
%* 
%* $Id$  
%* 
@manual{HellerRPGTcl09,
 TITLE="Role Playing Database V3.0, A Computerized Role Playing Database System, Tcl Internals",
 AUTHOR="Robert Heller",
 ORGANIZATION="Deepwoods Software",
 ADDRESS="Wendell, MA",
 YEAR=2009}
@book{Gygax77,
 TITLE="Monster Manual",
 AUTHOR="Gary Gygax",
 PUBLISHER="TSR Games",
 ADDRESS="Lake Geneva, WI",
 YEAR="1977, 1978"}
@book{Gygax78,
 TITLE="Players Handbook",
 AUTHOR="Gary Gygax",
 PUBLISHER="TSR Games",
 ADDRESS="Lake Geneva, WI",
 YEAR=1978}
@book{Gygax79,
 TITLE="Dungeon Masters Guide",
 AUTHOR="Gary Gygax",
 PUBLISHER="TSR Games",
 ADDRESS="Lake Geneva, WI",
 YEAR=1979}
@book{Ward80,
 TITLE="Deities & Demigods",
 AUTHOR="James M. Ward and Robert J, Kuntz",
 EDITOR="Lawrence Schick",
 PUBLISHER="TSR Games",
 ADDRESS="Lake Geneva, WI",
 YEAR=1980}
@book{Ousterhout94,
 TITLE="Tcl and the Tk Toolkit",
 AUTHOR="John K. Ousterhout",
 PUBLISHER="Addison-Wesley Publishing Company",
 ADDRESS="Reading, MA",
 YEAR=1994}
